% Intro CNN
@article{Lecun1989backpropagation,
    title={Backpropagation applied to handwritten zip code recognition},
    author={LeCun, Yann and Boser, Bernhard and Denker, John and Henderson, Donnie and Howard, Richard and Hubbard, Wayne and Jackel, Lawrence},
    journal={Neural computation},
    volume={1},
    number={4},
    pages={541--551},
    year={1989},
    publisher={MIT Press}
}
@inproceedings{Krizhevsky2012imagenet,
    title={Imagenet classification with deep convolutional neural networks},
    author={Krizhevsky, Alex and Sutskever, Ilya and Hinton, Geoffrey},
    booktitle={Advances in neural information processing systems},
    pages={1097--1105},
    year={2012}
}
@article{Hubel1968receptive,
    title={Receptive fields and functional architecture of monkey striate cortex},
    author={Hubel, David and Wiesel, Torsten},
    journal={The Journal of physiology},
    volume={195},
    number={1},
    pages={215--243},
    year={1968},
    publisher={Wiley Online Library}
}
@article{Lindsay2020convolutional,
    title={Convolutional neural networks as a model of the visual system: past, present, and future},
    author={Lindsay, Grace},
    journal={Journal of Cognitive Neuroscience},
    pages={1--15},
    year={2020},
    publisher={MIT Press}
}
@article{Lopez2017deep,
    title={Deep Learning applied to NLP},
    author={Lopez, Marc Moreno and Kalita, Jugal},
    journal={arXiv preprint arXiv:1703.03091},
    year={2017}
}
@inproceedings{Ghannay2016word,
    title={Word embedding evaluation and combination},
    author={Ghannay, Sahar and Favre, Benoit and Esteve, Yannick and Camelin, Nathalie},
    booktitle={Proceedings of the Tenth International Conference on Language Resources and Evaluation (LREC'16)},
    pages={300--305},
    year={2016}
}
@article{Mikolov2013efficient,
    title={Efficient estimation of word representations in vector space},
    author={Mikolov, Tomas and Chen, Kai and Corrado, Greg and Dean, Jeffrey},
    journal={arXiv preprint arXiv:1301.3781},
    year={2013}
}
@article{Brown1992class,
    title={Class-based n-gram models of natural language},
    author={Brown, Peter and Desouza, Peter and Mercer, Robert and Pietra, Vincent Della and Lai, Jenifer},
    journal={Computational linguistics},
    volume={18},
    number={4},
    pages={467--479},
    year={1992},
    publisher={MIT Press}
}

% ML for genre detection
@inproceedings{Basili2004classification,
    title={Classification of musical genre: a machine learning approach.},
    author={Basili, Roberto and Serafini, Alfredo and Stellato, Armando},
    booktitle={Proceedings of 5th International Society for Music Information Retrieval Conference, ISMIR},
    year={2004}
}
% CNN for genre detection (first use of cnn in MIR)
@article{Li2010automatic,
    title={Automatic musical pattern feature extraction using convolutional neural network},
    author={Li, Tom and Chan, Antoni and Chun, Andy},
    journal={Genre},
    volume={10},
    pages={1},
    year={2010}
}
% Musical Onset
@article{Bello2005tutorial,
    title={A tutorial on onset detection in music signals},
    author={Bello, Juan Pablo and Daudet, Laurent and Abdallah, Samer and Duxbury, Chris and Davies, Mike and Sandler, Mark},
    journal={IEEE Transactions on speech and audio processing},
    volume={13},
    number={5},
    pages={1035--1047},
    year={2005},
    publisher={IEEE}
}
@incollection{Zhou2011music,
    title={Music Onset Detection},
    author={Zhou, Ruohua and Reiss, Josh},
    booktitle={Machine Audition: Principles, Algorithms and Systems},
    pages={297--316},
    year={2011},
    publisher={IGI Global}
}
% First use of ML for onset detection
@inproceedings{Eyben2010universal,
    title={Universal onset detection with bidirectional long-short term memory neural networks},
    author={Eyben, Florian and B{\"o}ck, Sebastian and Schuller, Bj{\"o}rn and Graves, Alex},
    booktitle={Proceedings of 11th International Society for Music Information Retrieval Conference, ISMIR, Utrecht, The Netherlands},
    pages={589--594},
    year={2010}
}
@inproceedings{Bock2012online,
    title={Online real-time onset detection with recurrent neural networks},
    author={B{\"o}ck, Sebastian and Arzt, Andreas and Krebs, Florian and Schedl, Markus},
    booktitle={Proceedings of the 15th International Conference on Digital Audio Effects (DAFx-12), York, UK},
    year={2012}
}
@inproceedings{Schluter2013musical,
    title={Musical onset detection with convolutional neural networks},
    author={Schl{\"u}ter, Jan and B{\"o}ck, Sebastian},
    booktitle={6th international workshop on machine learning and music (MML), Prague, Czech Republic},
    year={2013}
}
@inproceedings{Schluter2014improved,
    title={Improved musical onset detection with convolutional neural networks},
    author={Schl{\"u}ter, Jan and B{\"o}ck, Sebastian},
    booktitle={2014 ieee international conference on acoustics, speech and signal processing (icassp)},
    pages={6979--6983},
    year={2014},
    organization={IEEE}
}

% CNN for MSA
@inproceedings{Ullrich2014boundary,
    title={Boundary Detection in Music Structure Analysis using Convolutional Neural Networks.},
    author={Ullrich, Karen and Schl{\"u}ter, Jan and Grill, Thomas},
    booktitle={Proceedings of 15th International Society for Music Information Retrieval Conference, ISMIR},
    pages={417--422},
    year={2014}
}
@inproceedings{Grill2015music,
    title={Music boundary detection using neural networks on spectrograms and self-similarity lag matrices},
    author={Grill, Thomas and Schluter, Jan},
    booktitle={2015 23rd European Signal Processing Conference (EUSIPCO)},
    pages={1296--1300},
    year={2015},
    organization={IEEE}
}
@inproceedings{Grill2015music2,
    title={Music Boundary Detection Using Neural Networks on Combined Features and Two-Level Annotations.},
    author={Grill, Thomas and Schl{\"u}ter, Jan},
    booktitle={Proceedings of 16th International Society for Music Information Retrieval Conference, ISMIR},
    pages={531--537},
    year={2015}
}
@article{Grill2015structural,
    title={Structural segmentation with convolutional neural networks MIREX submission},
    author={Grill, Thomas and Schl{\"u}ter, Jan},
    journal={Proceedings of the Music Information Retrieval Evaluation eXchange (MIREX)},
    pages={3},
    year={2015}
}
% Bagging
@article{Breiman1996bagging,
    title={Bagging predictors},
    author={Breiman, Leo},
    journal={Machine learning},
    volume={24},
    number={2},
    pages={123--140},
    year={1996},
    publisher={Springer}
}