% - Special -
@misc{Jesperthesis,
    author       = {Jesper Kuiper}, 
    title        = {Music Structure Analysis: An Exploration of and Improvements on the Distance-based Segmentation and Annotation Approach},
    howpublished = {Bachelor's Thesis, University Utrecht},
    year         = 2020,
    month        = 6
}
@article{Salami,
    author = {Jordan Smith and John Burgoyne and Ichiro Fujinaga and David De Roure and Stephen Downie},
    title = {Design and creation of a large-scale database of structural annotations},
    year = 2011,
    journal = {International Society of Music Information Retrieval, ISMIR},
    pages = {555--560}
}
% Books
@Book{Muller,
    author = {Meinard Müller},
    title =	{Fundamentals of Music Processing},
    publisher =	{Springer International Publishing Switzerland},
    year = 2015,
    address = {Erlangen, Germany}
}
@book{Goodfellow2016deep,
    title={Deep learning},
    author={Goodfellow, Ian and Bengio, Yoshua and Courville, Aaron},
    year={2016},
    publisher={MIT press}
}
@book{Kelleher2019deep,
  title={Deep Learning},
  author={Kelleher, John},
  year={2019},
  publisher={Mit Press}
}

%%%
% - Introduction -
%%%
@article{Cox2012a,
    ISSN = {02718022},
    URL = {http://www.jstor.org/stable/24045414},
    author = {Arnie Cox},
    journal = {Indiana Theory Review},
    number = {1},
    pages = {1--43},
    publisher = {[Department of Music Theory, Jacobs School of Music, Indiana University, Indiana University Press, Trustees of Indiana University]},
    title = {Tripartite Subjectivity in Music Listening},
    volume = {30},
    year = {2012}
}
@article{Lerdahl1983overview,
    title={An overview of hierarchical structure in music},
    author={Lerdahl, Fred and Jackendoff, Ray},
    journal={Music Perception: An Interdisciplinary Journal},
    volume={1},
    number={2},
    pages={229--252},
    year={1983},
    publisher={University of California Press Journals}
}
@book{Cooper1960rhythmic,
    title={The rhythmic Structure of Music. Chicago: Univ},
    author={Cooper, GW and Meyer, LB},
    year={1960},
    publisher={of Chicago press}
}
@article{Serra2012measuring,
    title={Measuring the evolution of contemporary western popular music},
    author={Serr{\`a}, Joan and Corral, {\'A}lvaro and Bogu{\~n}{\'a}, Mari{\'a}n and Haro, Mart{\'\i}n and Arcos, Josep},
    journal={Scientific reports},
    volume={2},
    pages={521},
    year={2012},
    publisher={Nature Publishing Group}
}
@book{Benward1997music,
    title={Music in theory and practice},
    author={Benward, Bruce and Saker, Marilyn Nadine},
    volume={7},
    year={1997},
    publisher={McGraw-Hill}
}
% Hook
@article{Covach2005form,
    title={Form in rock music},
    author={Covach, John},
    journal={Engaging music: Essays in music analysis},
    pages={65--76},
    year={2005},
    publisher={Oxford University Press, USA}
}
% Multi level music structure analysis
@phdthesis{Chai2005automated,
    title={Automated analysis of musical structure},
    author={Chai, Wei},
    year={2005},
    school={Massachusetts Institute of Technology}
}
%%%
% - Related Work -
%%%
@inproceedings{Foote2000automatic,
    title={Automatic audio segmentation using a measure of audio novelty},
    author={Foote, Jonathan},
    booktitle={2000 IEEE International Conference on Multimedia and Expo. ICME2000. Proceedings. Latest Advances in the Fast Changing World of Multimedia (Cat. No. 00TH8532)},
    volume={1},
    pages={452--455},
    year={2000},
    organization={IEEE}
}
@article{Theodorou2014overview,
    title={An overview of automatic audio segmentation},
    author={Theodorou, Theodoros and Mporas, Iosif and Fakotakis, Nikos},
    journal={International Journal of Information Technology and Computer Science (IJITCS)},
    volume={6},
    number={11},
    pages={1},
    year={2014}
}
@inproceedings{Paulus2010state,
    title={State of the Art Report: Audio-Based Music Structure Analysis.},
    author={Paulus, Jouni and M{\"u}ller, Meinard and Klapuri, Anssi},
    booktitle={Proceedings of 11th International Society for Music Information Retrieval Conference, ISMIR},
    pages={625--636},
    year={2010},
    organization={Utrecht}
}
@article{Gimeno2020a,
    author = {Pablo Gimeno and Ignacio Viñals and Alfonso Ortega and Antonio Miguel and Eduardo Lleida},
    title = {Multiclass audio segmentation based on recurrent neural networks for broadcast domain data},
    year = 2020,
    journal = {EURASIP Journal on Audio, Speech and Music Processing},
    url = {https://doi.org/10.1186/s13636-020-00172-6}
}
% RNN & LSTM
    % See rnn_lstm.bib
% CNN
    % See cnn.bib
% Interesting approach to MSA
@inproceedings{Paulus2006music,
    title={Music structure analysis by finding repeated parts},
    author={Paulus, Jouni and Klapuri, Anssi},
    booktitle={Proceedings of the 1st ACM workshop on Audio and music computing multimedia},
    pages={59--68},
    year={2006}
}
@inproceedings{Bimbot2011methodology,
    author = {Bimbot, Frédéric and Deruty, Emmanuel and Sargent, Gabriel and Vincent, Emmanuel},
    year = {2011},
    month = {10},
    pages = {287-292},
    title = {Methodology and Resources for The Structural Segmentation of Music Pieces into Autonomous and Comparable Blocks.}
}
% More MSA
@inproceedings{Bruderer2006structural,
    title={Structural boundary perception in popular music.},
    author={Bruderer, Michael and McKinney, Martin and Kohlrausch, Armin},
    booktitle={Proceedings of 7th International Society for Music Information Retrieval Conference, ISMIR},
    pages={198--201},
    year={2006}
}
% DSA
@inproceedings{Foote1999visualizing,
    title={Visualizing music and audio using self-similarity},
    author={Foote, Jonathan},
    booktitle={Proceedings of the seventh ACM international conference on Multimedia (Part 1)},
    pages={77--80},
    year={1999}
}
    % Structure features
@inproceedings{Serra2012unsupervised,
    title={Unsupervised detection of music boundaries by time series structure features},
    author={Serra, Joan and M{\"u}ller, Meinard and Grosche, Peter and Arcos, Josep Lluis},
    booktitle={Twenty-Sixth AAAI Conference on Artificial Intelligence},
    year={2012}
}
    % 2D - FMC
@article{Ellis2012large,
    title={Large-scale cover song recognition using the 2D Fourier transform magnitude},
    author={Ellis, Daniel and Thierry, Bertin-Mahieux},
    year={2012}
}
@inproceedings{Nieto2014music,
    title={Music segment similarity using 2d-fourier magnitude coefficients},
    author={Nieto, Oriol and Bello, Juan Pablo},
    booktitle={2014 IEEE International Conference on Acoustics, Speech and Signal Processing (ICASSP)},
    pages={664--668},
    year={2014},
    organization={IEEE}
}

%%%
% Acoustic Features
%%%
% CENS
@inproceedings{Muller2005chroma,
    title={Chroma-based statistical audio features for audio matching},
    author={Müller, Meinard and Kurth, Frank and Clausen, Michael},
    booktitle={IEEE Workshop on Applications of Signal Processing to Audio and Acoustics, 2005.},
    pages={275--278},
    year={2005},
    organization={IEEE}
}
% PCP
@inproceedings{Lee2006automatic,
    title={Automatic Chord Recognition from Audio Using Enhanced Pitch Class Profile.},
    author={Lee, Kyogu},
    booktitle={ICMC},
    year={2006}
}
% Tonnetz
@inproceedings{Harte2006detecting,
    title={Detecting harmonic change in musical audio},
    author={Harte, Christopher and Sandler, Mark and Gasser, Martin},
    booktitle={Proceedings of the 1st ACM workshop on Audio and music computing multimedia},
    pages={21--26},
    year={2006}
}
% CQT
@article{Brown1991calculation,
    title={Calculation of a constant Q spectral transform},
    author={Brown, Judith},
    journal={The Journal of the Acoustical Society of America},
    volume={89},
    number={1},
    pages={425--434},
    year={1991},
    publisher={Acoustical Society of America}
}
@article{Brown1992efficient,
    title={An efficient algorithm for the calculation of a constant Q transform},
    author={Brown, Judith and Puckette, Miller},
    journal={The Journal of the Acoustical Society of America},
    volume={92},
    number={5},
    pages={2698--2701},
    year={1992},
    publisher={Acoustical Society of America}
}
@article{Blankertz2001constant,
    title={The constant Q transform},
    author={Blankertz, Benjamin},
    url={http://doc.ml.tu-berlin.de/bbci/material/publications/Bla_constQ.pdf},
    year={2001}
}
@inproceedings{Schorkhuber2010constant,
    title={Constant-Q transform toolbox for music processing},
    author={Sch{\"o}rkhuber, Christian and Klapuri, Anssi},
    booktitle={7th Sound and Music Computing Conference, Barcelona, Spain},
    pages={3--64},
    year={2010}
}
% Mel Scale
@article{Stevens1937scale,
    title={A scale for the measurement of the psychological magnitude pitch},
    author={Stevens, Stanley Smith and Volkmann, John and Newman, Edwin},
    journal={The Journal of the Acoustical Society of America},
    volume={8},
    number={3},
    pages={185--190},
    year={1937},
    publisher={Acoustical Society of America}
}
@book{Gelfand1997essentials,
    title={Essentials of audiology},
    author={Gelfand, Stanley},
    number={s 562},
    year={1997},
    publisher={Thieme New York},
    pages={87}
}
% MFCC
@inproceedings{Logan2000mel,
    title={Mel frequency cepstral coefficients for music modeling.},
    author={Logan, Beth and others},
    booktitle={Proceedings of International Society for Music Information Retrieval, ISMIR},
    volume={270},
    pages={1--11},
    year={2000}
}
% MFCC alleen niet genoeg
@article{Pachet2004improving,
    title={Improving timbre similarity: How high is the sky},
    author={Pachet, Francois and Aucouturier, Jean-Julien},
    journal={Journal of negative results in speech and audio sciences},
    volume={1},
    number={1},
    pages={1--13},
    year={2004}
}
% Tempogram
@inproceedings{Grosche2010cyclic,
    title={Cyclic tempogram—a mid-level tempo representation for musicsignals},
    author={Grosche, Peter and M{\"u}ller, Meinard and Kurth, Frank},
    booktitle={2010 IEEE International Conference on Acoustics, Speech and Signal Processing},
    pages={5522--5525},
    year={2010},
    organization={IEEE}
}
% Collection of acoustic feaures
@inproceedings{Paulus2008acoustic,
    title={Acoustic features for music piece structure analysis},
    author={Paulus, Jouni and Klapuri, Anssi},
    booktitle={Proc. of 11th International Conference on Digital Audio Effects},
    pages={309--312},
    year={2008}
}

%%%
% - Methodology -
%%%
% LIBROSA
@inproceedings{Mcfee2015librosa,
    title={LibROSA: Audio and music signal analysis in Python},
    author={McFee, Brian and Raffel, Colin and Liang, Dawen and Ellis, Daniel and McVicar, Matt and Battenberg, Eric and Nieto, Oriol},
    booktitle={Proceedings of the 14th Python in science conference},
    volume={8},
    year={2015}
}
% Beat track
@article{Ellis2007beat,
    title={Beat tracking by dynamic programming},
    author={Ellis, Daniel},
    journal={Journal of New Music Research},
    volume={36},
    number={1},
    pages={51--60},
    year={2007},
    publisher={Taylor \& Francis}
}
% MSAF
@inproceedings{Nieto2016systematic,
    title={Systematic exploration of computational music structure research.},
    author={Nieto, Oriol and Bello, Juan Pablo},
    booktitle={Proceedings of 17th International Society for Music Information Retrieval Conference, ISMIR},
    pages={547--553},
    year={2016}
}
% JAMS
@inproceedings{Humphrey2014jams,
    title={JAMS: A JSON Annotated Music Specification for Reproducible MIR Research.},
    author={Humphrey, Eric and Salamon, Justin and Nieto, Oriol and Forsyth, Jon and Bittner, Rachel M and Bello, Juan Pablo},
    booktitle={Proceedings of 15th International Society for Music Information Retrieval Conference, ISMIR},
    pages={591--596},
    year={2014}
}

%%%
% - Results -
%%%
% Keras
@misc{Chollet2015keras,
    title={Keras},
    author={Chollet, Fran\c{c}ois and others},
    year={2015},
    publisher={GitHub},
    howpublished={\url{https://github.com/fchollet/keras}},
}
% Tensorflow
@misc{Tensorflow2015whitepaper,
    title={TensorFlow: Large-Scale Machine Learning on Heterogeneous Systems},  
    author={Martin~Abadi and
        Ashish~Agarwal and
        Paul~Barham and
        Eugene~Brevdo and
        Zhifeng~Chen and
        Craig~Citro and
        Greg~S.~Corrado and
        Andy~Davis and
        Jeffrey~Dean and
        Matthieu~Devin and
        Sanjay~Ghemawat and
        Ian~Goodfellow and
        Andrew~Harp and
        Geoffrey~Irving and
        Michael~Isard and
        Yangqing Jia and
        Rafal~Jozefowicz and
        Lukasz~Kaiser and
        Manjunath~Kudlur and
        Josh~Levenberg and
        Dandelion~Man\'{e} and
        Rajat~Monga and
        Sherry~Moore and
        Derek~Murray and
        Chris~Olah and
        Mike~Schuster and
        Jonathon~Shlens and
        Benoit~Steiner and
        Ilya~Sutskever and
        Kunal~Talwar and
        Paul~Tucker and
        Vincent~Vanhoucke and
        Vijay~Vasudevan and
        Fernanda~Vi\'{e}gas and
        Oriol~Vinyals and
        Pete~Warden and
        Martin~Wattenberg and
        Martin~Wicke and
        Yuan~Yu and
        Xiaoqiang~Zheng},
    year={2015},
    howpublished={\url{https://www.tensorflow.org}}
}
% Relu
@article{Agarap2018deep,
    title={Deep learning using rectified linear units (relu)},
    author={Agarap, Abien Fred},
    journal={arXiv preprint arXiv:1803.08375},
    year={2018}
}
% Crossentropy
@article{Hsu2019multi,
    title={Multi-class classification without multi-class labels},
    author={Hsu, Yen-Chang and Lv, Zhaoyang and Schlosser, Joel and Odom, Phillip and Kira, Zsolt},
    journal={arXiv preprint arXiv:1901.00544},
    year={2019}
}
% Adam
@article{Kingma2014adam,
    title={Adam: A method for stochastic optimization},
    author={Kingma, Diederik and Ba, Jimmy},
    journal={arXiv preprint arXiv:1412.6980},
    year={2014}
}
% Dropout Paper
@article{Hinton2012improving,
    title={Improving neural networks by preventing co-adaptation of feature detectors},
    author={Hinton, Geoffrey and Srivastava, Nitish and Krizhevsky, Alex and Sutskever, Ilya and Salakhutdinov, Ruslan},
    journal={arXiv preprint arXiv:1207.0580},
    year={2012}
}
%%%
% Discussion
%%%
% MSA entropy
@inproceedings{Lukashevich2008towards,
    title={Towards Quantitative Measures of Evaluating Song Segmentation.},
    author={Lukashevich, Hanna},
    booktitle={Proceedings of 9th International Society for Music Information Retrieval Conference, ISMIR},
    pages={375--380},
    year={2008}
}
%%%
% Future Research
%%%
% Hierarchical tree evaluation
@inproceedings{Sun2001hierarchical,
    title={Hierarchical text classification and evaluation},
    author={Sun, Aixin and Lim, Ee-Peng},
    booktitle={Proceedings 2001 IEEE International Conference on Data Mining},
    pages={521--528},
    year={2001},
    organization={IEEE}
}
@inbook{Almars2018evaluation,
    author = {Almars, Abdulqader and A. Ibrahim, Ibrahim and Zhao, Xin and AL Maskari, Sanad},
    year = {2018},
    month = {11},
    pages = {455-464},
    title = {Evaluation Methods of Hierarchical Models: 14th International Conference, ADMA 2018, Nanjing, China, November 16–18, 2018, Proceedings},
    isbn = {978-3-030-05089-4},
    doi = {10.1007/978-3-030-05090-0_39}
}
% interpretable vs comprehensible vs opaque
@article{Doran2017does,
    title={What does explainable AI really mean? A new conceptualization of perspectives},
    author={Doran, Derek and Schulz, Sarah and Besold, Tarek},
    journal={arXiv preprint arXiv:1710.00794},
    year={2017}
}