% RNN
@article{Dupond2019thorough,
    title={A thorough review on the current advance of neural network structures},
    author={Dupond, Samuel},
    journal={Annual Reviews in Control},
    volume={14},
    pages={200--230},
    year={2019}
}
@article{Bullinaria2013recurrent,
    title={Recurrent neural networks},
    author={Bullinaria, John},
    journal={Neural Computation: Lecture},
    volume={12},
    year={2013}
}
% BPTT
@book{Robinson1987utility,
    title={The utility driven dynamic error propagation network},
    author={Robinson, AJ and Fallside, Frank},
    year={1987},
    publisher={University of Cambridge Department of Engineering Cambridge}
}
@article{Werbos1988generalization,
    title={Generalization of backpropagation with application to a recurrent gas market model},
    author={Werbos, Paul},
    journal={Neural networks},
    volume={1},
    number={4},
    pages={339--356},
    year={1988},
    publisher={Elsevier}
}
% Elman & Jordan NN
@article{Elman1990finding,
    title={Finding structure in time},
    author={Elman, Jeffrey},
    journal={Cognitive science},
    volume={14},
    number={2},
    pages={179--211},
    year={1990},
    publisher={Wiley Online Library}
}
@incollection{Jordan1997serial,
    title={Serial order: A parallel distributed processing approach},
    author={Jordan, Michael},
    booktitle={Advances in psychology},
    volume={121},
    pages={471--495},
    year={1997},
    publisher={Elsevier}
}
% Example GMM
@inproceedings{Misra2012speech,
    title={Speech/nonspeech segmentation in web videos},
    author={Misra, Ananya},
    booktitle={Thirteenth Annual Conference of the International Speech Communication Association},
    year={2012}
}
@inproceedings{Kos2009line,
    title={On-line speech/music segmentation for broadcast news domain},
    author={Kos, Marko and Grasic, Matej and Vlaj, Damjan and Kacic, Zdravko},
    booktitle={2009 16th International Conference on Systems, Signals and Image Processing},
    pages={1--4},
    year={2009},
    organization={IEEE}
}
@inproceedings{Zhang2010audio,
    title={Audio segmentation system for sport games},
    author={Zhang, Junfang and Jiang, Baochen and Lu, Li and Zhao, Qingwei},
    booktitle={2010 International Conference on Electrical and Control Engineering},
    pages={505--508},
    year={2010},
    organization={IEEE}
}
@article{Butko2011audio,
    title={Audio segmentation of broadcast news in the Albayzin-2010 evaluation: overview, results, and discussion},
    author={Butko, Taras and Nadeu, Climent},
    journal={EURASIP Journal on Audio, Speech, and Music Processing},
    volume={2011},
    number={1},
    pages={1--10},
    year={2011},
    publisher={SpringerOpen}
}
@inproceedings{Dogan2009content,
    title={Content-based classification and segmentation of mixed-type audio by using MPEG-7 features},
    author={Dogan, Ebru and Sert, Mustafa and Yazici, Adnan},
    booktitle={2009 First International Conference on Advances in Multimedia},
    pages={152--157},
    year={2009},
    organization={IEEE}
}
% Example SVM
@inproceedings{Richard2007combined,
    title={Combined supervised and unsupervised approaches for automatic segmentation of radiophonic audio streams},
    author={Richard, Ga{\"e}l and Ramona, Mathieu and Essid, Slim},
    booktitle={2007 IEEE International Conference on Acoustics, Speech and Signal Processing-ICASSP'07},
    volume={2},
    pages={II--461},
    year={2007},
    organization={IEEE}
}
@inproceedings{Lu2001content,
    title={Content-based audio segmentation using support vector machines},
    author={Lu, Lie and Li, Stan and Zhang, Hong-Jiang},
    booktitle={IEEE International Conference on Multimedia and Expo, 2001. ICME 2001.},
    pages={749--752},
    year={2001},
    organization={IEEE}
}
@article{Zahid2015optimized,
    author = {Saadia Zahid and Fawad Hussain and Muhammad Rashid and Muhammad Yousaf and Hafix Habib},
    title = {Optimized Audio Classification and Segmentation Algorithm by Using Ensemble Methods},
    year = 2015,
    journal = {Mathematical Problems in Engineering},
    url = {https://doi.org/10.1155/2015/209814}
}
@inproceedings{Lo2010homogeneous,
    title={Homogeneous segmentation and classifier ensemble for audio tag annotation and retrieval},
    author={Lo, Hung-Yi and Wang, Ju-Chiang and Wang, Hsin-Min},
    booktitle={2010 IEEE International Conference on Multimedia and Expo},
    pages={304--309},
    year={2010},
    organization={IEEE}
}
% Example Decision Tree
@inproceedings{Patsis2008speech,
    title={A speech/music/silence/garbage/classifier for searching and indexing broadcast news material},
    author={Patsis, Yorgos and Verhelst, Werner},
    booktitle={2008 19th International Workshop on Database and Expert Systems Applications},
    pages={585--589},
    year={2008},
    organization={IEEE}
}
%%%
% LSTM
%%%
@article{Hochreiter1997long,
    title={Long short-term memory},
    author={Hochreiter, Sepp and Schmidhuber, J{\"u}rgen},
    journal={Neural computation},
    volume={9},
    number={8},
    pages={1735--1780},
    year={1997},
    publisher={MIT Press}
}
@article{Sak2014long,
    title={Long short-term memory recurrent neural network architectures for large scale acoustic modeling},
    author={Sak, Hasim and Senior, Andrew and Beaufays, Fran{\c{c}}oise},
    year={2014}
}
@inproceedings{Li2015constructing,
    title={Constructing long short-term memory based deep recurrent neural networks for large vocabulary speech recognition},
    author={Li, Xiangang and Wu, Xihong},
    booktitle={2015 IEEE International Conference on Acoustics, Speech and Signal Processing (ICASSP)},
    pages={4520--4524},
    year={2015},
    organization={IEEE}
}
% Bi-directional RNN
@article{Schuster1997bidirectional,
    title={Bidirectional recurrent neural networks},
    author={Schuster, Mike and Paliwal, Kuldip},
    journal={IEEE transactions on Signal Processing},
    volume={45},
    number={11},
    pages={2673--2681},
    year={1997},
    publisher={Ieee}
}
