% OTHER
@Article{Zahid2015a,
    author = {Saadia Zahid and Fawad Hussain and Muhammad Rashid and Muhammad H. Yousaf and Hafix A. Habib},
    title = {Optimized Audio Classification and Segmentation Algorithm by Using Ensemble Methods},
    year = 2015,
    journal = {Mathematical Problems in Engineering},
    url = {https://doi.org/10.1155/2015/209814}
}

@Article{LevySandler2008a,
    author={Mark Levy and Mark Sandler},
    title={Structural Segmentation of Musical Audio by Constrained Clustering},
    year=2008,
    journal={IEEE Transactions on Audio, Speech, and Language Processing},
    volume=16,
    pages={318--326}
}

@Article{Maddage2006a,
    author = {Namunu C. Maddage},
    year = {2006},
    month = {01},
    pages = {65-77},
    title = {Automatic Structure Detection for Popular Music},
    volume = {13},
    journal = {IEEE MultiMedia},
    doi = {10.1109/MMUL.2006.3}
}

@article{Lu2001a,
    author = {Lu, Lie and Li, Stan},
    year = {2001},
    month = {06},
    pages = {},
    title = {Content-Based Audio Segmentation Using Support Vector Machines},
    doi = {10.1109/ICME.2001.1237830}
}

@ARTICLE{Zhang2001a,  
    author={T. {Zhang} and C. -. J. {Kuo}},  
    journal={IEEE Transactions on Speech and Audio Processing}, 
    title={Audio content analysis for online audiovisual data segmentation and classification},   
    year={2001},  
    volume={9},  
    number={4},  
    pages={441-457}
}

@Book{Muller,
    author = {Meinard MÃ¼ller},
    title =	{Fundamentals of Music Processing},
    publisher =	{Springer International Publishing Switzerland},
    year = 2015,
    address = {Erlangen, Germany}
}


%--- Andere Te gebruiken Artikelen ---
@Article{CannamBenetosMirex18,
    author = {Chris Cannam and Emmanouil Benetos and Matthew E. P. Davies and Simon Dixon and Christian Landone and Mark Levy and Matthias Mauch and Katy Noland and Dan Stowell},
    title={MIREX 2018: Vamp Plugins From The Centre For Digital Music},
}

@Article{MauchNoland2009a,
    author={Matthias Mauch and Katy Noland and Simon Dixon},
    title={Using Musical Structure to Enhance Automatic Chord Transcription},
    year=2009,
    journal={International Society for Music Information Retrieval},
    volume=10,
    pages={231--236}
}

@TECHREPORT{Peiszer07automaticaudio,
    author = {Ewald Peiszer and Thomas Lidy and Andreas Rauber},
    title = {Automatic audio segmentation: Segment boundary and structure detection in popular music},
    year = {2007}
}


%--- Niet Gebruikte Artikelen ---
@Article{KaiserSikora2010a,
     author = {Florain Kaiser and Thomas Sikora},
     title = {Music Structure Discovery IN Popular Music Using Non-Negative Matrix Factorization},
     year = 2010,
     journal = {Internation Society for Music Information Retrieval},
     volume = 11,
     pages = {429--434}
}

@Article{Jensen2007a,
    author = {Karl K. Jensen},
    year = {2007},
    month = {01},
    pages = {},
    title = {Multiple Scale Music Segmentation Using Rhythm, Timbre, and Harmony},
    volume = {2007},
    journal = {EURASIP Journal on Advances in Signal Processing},
    doi = {10.1155/2007/73205}
}